<record><leader>00000cas a22000007a 4500</leader><controlfield tag="001">12619476</controlfield><controlfield tag="008">850930d18811881wiudn ne      0    0eng d</controlfield><datafield ind1=" " ind2=" " tag="010"><subfield code="a">sn 85041182 </subfield></datafield><datafield ind1=" " ind2=" " tag="040"><subfield code="a">NPV</subfield><subfield code="b">eng</subfield><subfield code="c">NPV</subfield><subfield code="d">OCLCQ</subfield></datafield><datafield ind1=" " ind2=" " tag="042"><subfield code="a">msc</subfield></datafield><datafield ind1=" " ind2=" " tag="045"><subfield code="a">w8w8</subfield></datafield><datafield ind1=" " ind2=" " tag="052"><subfield code="a">4123</subfield><subfield code="b">G8</subfield></datafield><datafield ind1="0" ind2=" " tag="130"><subfield code="a">Evening journal (Berlin, Wis.)</subfield></datafield><datafield ind1="1" ind2="4" tag="245"><subfield code="a">The evening journal.</subfield></datafield><datafield ind1="1" ind2="3" tag="246"><subfield code="a">Berlin journal</subfield></datafield><datafield ind1=" " ind2=" " tag="260"><subfield code="a">Berlin, Wis. :</subfield><subfield code="b">C.G. Starks,</subfield><subfield code="c">-1881.</subfield></datafield><datafield ind1=" " ind2=" " tag="300"><subfield code="a">v. :</subfield><subfield code="b">ill. (chiefly advertisements)</subfield></datafield><datafield ind1=" " ind2=" " tag="310"><subfield code="a">Daily (except Sun.)</subfield></datafield><datafield ind1="0" ind2=" " tag="362"><subfield code="a">-v. 1, no. 217 (Oct. 6, 1881).</subfield></datafield><datafield ind1=" " ind2=" " tag="500"><subfield code="a">Editor: C.G. Starks, &lt;May 28&gt;-Oct. 6, 1881.</subfield></datafield><datafield ind1=" " ind2=" " tag="530"><subfield code="a">Available on microfilm from The State Historical Society of Wisconsin.</subfield></datafield><datafield ind1=" " ind2=" " tag="588"><subfield code="a">Description based on: Vol. 1, no. 108 (May 28, 1881).</subfield></datafield><datafield ind1=" " ind2=" " tag="752"><subfield code="a">United States</subfield><subfield code="b">Wisconsin</subfield><subfield code="c">Green Lake</subfield><subfield code="d">Berlin.</subfield></datafield><datafield ind1="0" ind2="0" tag="780"><subfield code="t">Daily evening journal</subfield><subfield code="w">(DLC)sn 85041181</subfield></datafield><datafield ind1="0" ind2="0" tag="785"><subfield code="t">Berlin evening journal</subfield><subfield code="w">(DLC)sn 85041183</subfield></datafield><datafield ind1="1" ind2=" " tag="029"><subfield code="a">AU@</subfield><subfield code="b">000023449417</subfield></datafield></record>